<?xml version="1.0" encoding="UTF-8"?><collection xmlns="http://www.loc.gov/MARC21/slim"><record><leader>00513nam--2200169-i-4500</leader><controlfield tag="001">000033825</controlfield><controlfield tag="002">20161230</controlfield><controlfield tag="005">20161230201039</controlfield><controlfield tag="008">060222s1000------------r-----000-0-eng-d</controlfield><datafield ind1=" " ind2=" " tag="040"><subfield code="a">IFIN-HH</subfield></datafield><datafield ind1=" " ind2=" " tag="080"><subfield code="a">539.1.07</subfield></datafield><datafield ind1="1" ind2=" " tag="100"><subfield code="a">Morellet, D</subfield></datafield><datafield ind1="1" ind2="0" tag="245"><subfield code="a">Electrons, gammas and pi 0, in heavy liquid bubble chambers</subfield><subfield code="c">D. morellet</subfield></datafield><datafield ind1=" " ind2=" " tag="260"><subfield code="a">Herceg Novi</subfield><subfield code="b">Ecole Internationale De La Physique Des Particules Elementaires</subfield><subfield code="c">1968</subfield></datafield><datafield ind1=" " ind2=" " tag="300"><subfield code="a">90P</subfield></datafield><datafield ind1=" " ind2=" " tag="852"><subfield code="a">29425</subfield><subfield code="c">539.1.07:539.1.08</subfield></datafield><datafield ind1=" " ind2=" " tag="CAT"><subfield code="a">Sys</subfield><subfield code="c">20111020</subfield><subfield code="h">141303</subfield></datafield></record></collection>